@misc{ProjectReportTechicalWork,
	Annote = {A document that outlines information about the marking guide for the Project Report and Technical Work. This is published in the Resources folder on Blackboard.},
	Author = {Taylor, N.},
	Date-Modified = {2019-04-17 14:08:31 +0100},
	Howpublished = {\url{http://blackboard.aber.ac.uk/}},
	Month = Feb,
	Note = {Accessed February 2019},
	Title = {{MMP\_S08 Project Report and Technical Work}},
	Year = {2019}}

@misc{opencv-python,
	Annote = {The primary documentation to all things openCV for loading and saving and manipulating images with ease in python.},
	Author = {Various},
	Date-Modified = {Fri Feb 7 2020 04:23:39},
	Howpublished = {\url{https://docs.opencv.org/master/d6/d00/tutorial_py_root.html}},
	Month = Feb,
	Note = {Accessed Feb 2020},
	Title = {OpenCV  Open Source Computer Vision},
	Year = {2020}}

@misc{python-docs,
	Annote = {The primary documentation to all things python as I intend to use it as my main programming language in this project.},
	Author = {Various},
	Date-Modified = {Feb 07, 2020},
	Howpublished = {\url{https://docs.python.org/3/}},
	Month = Feb,
	Note = {© Copyright 2001-2020, Python Software Foundation. Accessed Feb 2020},
	Title = {Python 3.8.1 documentation},
	Year = {2020}}

@misc{image-segmentation,
	Annote = {The primary documentation to all things Tensorflow as I intend to use it for image segmentation, other options may be explored.},
	Author = {Various},
	Date-Modified = {2020-01-15},
	Howpublished = {\url{https://www.tensorflow.org/tutorials/images/segmentation}},
	Month = Feb,
	Note = {Creative Commons Attribution 4.0 License, and code samples are licensed under the Apache 2.0 License. Accessed Feb 2020},
	Title = {Image Segmentation, Tensorflow},
	Year = {2020}}

@misc{rededge,
	Annote = {Information on the camera used on the plane to get the multi band images.},
	Author = {Various},
	Howpublished = {\url{https://www.micasense.com/rededge-mx}},
	Month = Feb,
	Note = {Accessed Feb 2020},
	Title = {Micasense rededge-mx camera},
	Year = {2020}}

@misc{jira,
	Annote = {Project Issue and Tracking software. I will use this to plan out tasks and track my progress in completing them.},
	Author = {Various},
	Howpublished = {\url{https://www.atlassian.com/software/jira}},
	Month = Feb,
	Note = {Copyright © 2020 Atlassian. Accessed Feb 2020},
	Title = {Atlassian JIRA},
	Year = {2020}}

@misc{git,
	Annote = {Version Control System to track changes in the project.},
	Author = {Various},
	Howpublished = {\url{https://git-scm.com/}},
	Month = Feb,
	Note = {Accessed Feb 2020},
	Title = {Git},
	Year = {2020}}

@misc{github,
	Annote = {Repository host for hosting my git repository at a remote location so I don't loose work. Also planning on using the wiki pages as a blog.},
	Author = {Various},
	Howpublished = {\url{https://github.com/}},
	Month = Feb,
	Note = {Accessed Feb 2020},
	Title = {GitHub},
	Year = {2020}}
	
@misc{pylibtiff,
    Annote = {},
    Author = {Pearu Peterson},
    Howpublished = {\url{https://github.com/pearu}},
    Month = Feb,
	Note = {Accessed Feb 2020},
	Title = {PyLibTiff},
	Year = {2020}}
	}
	
@misc{tifffle,
    Annote = {Library for opening and saving tif files.},
    Author = {Christoph Gohlke},
    Howpublished = {\href{https://pypi.org/project/tifffile/}},
    Month = Feb,
	Note = {Accessed Feb 2020},
	Title = {tifffle.py},
	Year = {2020}}
}

@misc{bulma,
    Annote = {},
    Author = {\url{https://jgthms.com/}{Jeremy Thomas}},
    Howpublished = {\url{https://bulma.io/}},
    Month = Feb,
	Note = {Accessed April 2020},
	Title = {Bulma},
	Year = {2020}}
}

@misc{james,
    Annote = {Part of logo I made on behalf of Aber SSAGO that fitted well for this project. Used with permission.},
    Author = {Williams MSAGM Aber SSAGO, Nathan},
    Howpublished = {},
    Month = Feb,
	Title = {James The Sheep Logo},
	Year = {2018}}
}

@misc{matplotlib,
    Annote = {},
    Author = {John Hunter, Darren Dale, Eric Firing, Michael Droettboom and the Matplotlib development team},
    Howpublished = {\url{https://matplotlib.org/}},
    Month = April,
	Note = {Accessed April 2020},
	Title = {matplotlib},
	Year = {2020}}
}

@misc{wherearemysheep,
    Annote = {The code that accompanies the report},
    Author = {Williams, Nathan},
    Howpublished = {\url{https://github.com/IdrisTheDragon/wherearemysheep}},
    Month = May,
	Title = {Where Are My Sheep Repository},
	Note = {Accessed April 2020},
	Year = {2020}}
}